@article{garcia,
author = {Corral García, Javier and Lemus Prieto, Felipe and Pérez-Toledano, Miguel},
year = {2019},
month = {10},
pages = {1192},
title = {Analysis of Energy Consumption and Optimization Techniques for Writing Energy-Efficient Code},
volume = {8},
journal = {Electronics},
doi = {10.3390/electronics8101192}
}

@inproceedings{moriso,
author = {Morisio, Maurizio and Ardito, Luca and Vetro, Antonio and Procaccianti, Giuseppe},
year = {2013},
month = {03},
pages = {34-39},
title = {Definition, implementation and validation of energy code smells: an exploratory study on an embedded system}
}

